@article{egg,
  doi          = {10.1145/3434304},
  url          = {https://doi.org/10.1145/3434304},
  year         = {2021},
  month        = {01},
  publisher    = {Association for Computing Machinery ({ACM})},
  volume       = {5},
  number       = {{POPL}},
  pages        = {1--29},
  author       = {Max Willsey and Chandrakana Nandi and Yisu Remy Wang and Oliver Flatt and Zachary Tatlock and Pavel Panchekha},
  title        = {egg: Fast and extensible equality saturation},
  journal      = {Proceedings of the {ACM} on Programming Languages}
}

@book{bm,
  title        = {The Calculus of Computation},
  author       = {Aaron R. Bradley and Zohar Manna},
  year         = {2007},
  publisher    = {Springer},
  address      = {New York}
}

@article{egraphs,
  author       = {Greg Nelson},
  title        = {Techniques for Program Verification},
  year         = {1981},
}

@misc{vis,
  title        = {vis.js},
  howpublished = {\url{https://visjs.org/}}
}
