%% LaTeX2e file `paper.bib'
%% generated by the `filecontents' environment
%% from source `paper' on 2022/02/13.
%%
%-------------------------------------------------------------------------------
@misc{egg,
  title = {egg: e-graphs good},
  publisher = {GitHub Pages},
  journal = {Egg Documentation},
  howpublished ={\url{https://egraphs-good.github.io/}},
}

@book{bm,
  title     = "The Calculus of Computation",
  author    = "Aaron R. Bradley and Zohar Manna",
  year      = 2007,
  publisher = "Springer",
  address   = "New York",
}

@article{egraphs,
author = {Greg Nelson},
title = {Techniques for Program Verification},
year = {1981},
}
